% CREATED BY C. DITTMER, 2023

@article{anarticle ,
author = {Arthur B Cummings and David Eftekhary and Frank G House},
title = {The accurate determination of college students’
coefficients of friction},
journal = {Journal of Sketchy Physics},
volume = {13},
year = {2003},
number = {2},
pages = {46--129}
}

@book{ResearchMethodology ,
author = {Kristina Säfsten and  Maria Gustavsson},
title = {Research Methodology},
edition = {1},
publisher = {Studentlitteratur AB},
address = {Lund},
year = {2019}
}


@phdthesis{thesis ,
author = {O P Qwerty},
title = {History of the Goofy Layout of Keyboards},
publisher = {Podunk University Arcana Department},
address = {Podunk IN},
year = {1996}
}


@techreport{report ,
author = {Robert Swearingen},
title = {Morpholoty and syntax of British sailors’ English},
series = {Technical Report},
volume = {249},
publisher = {Profanity Institute},
address = {New York NY},
year = {1985}
}

@misc{website ,
author = {James Tetazoo},
title = {A brief guide to recreational pyromania},
howpublished = {Available at \url{http://
www.blowinglotsofweirdstuffup.com/guide.html} (2005/06/12)}
}



@unpublished{acceptedpub ,
author = {J Mentor},
title = {Behavior of small animals on fire},
journal = {Nature},
note = {(in press)}
}